@inproceedings{zhang2011capping,
  title={Capping the electricity cost of cloud-scale data centers with impacts on power markets},
  author={Zhang, Yanwei and Wang, Yefu and Wang, Xiaorui},
  booktitle={Proceedings of the 20th international symposium on High performance distributed computing},
  pages={271--272},
  year={2011},
  organization={ACM}
}
@book{deelmanbook,
  title={Workflows for e-Science},
  author={Taylor, Ian J and Deelman, Ewa and Gannon, Dennis and Shields, Matthew},
  year={2007},
  publisher={Springer}
}
@inproceedings{malawski2012cost,
  title={Cost-and deadline-constrained provisioning for scientific workflow ensembles in {IAAS} clouds},
  author={Malawski, Maciej and Juve, Gideon and Deelman, Ewa and Nabrzyski, Jarek},
  booktitle={Proceedings of the SC},
  year={2012},
  organization={IEEE}
}
@misc{CloudWorkflowSimulator,
author = {{Cloud Workflow Simulator} },
 howpublished = "\url{Available: https://github.com/malawski/cloudworkflowsimulator}"
}
@misc{WorkflowGenerator,
author = {{Workflow Generator} },
 howpublished = "\url{ Available: https://confluence.pegasus.isi.edu/display/pegasus/WorkflowGenerator}"
}
@inproceedings{bailey2014adaptive,
  title={Adaptive configuration selection for power-constrained heterogeneous systems},
  author={Bailey, Peter E and Lowenthal, David K and Ravi, Vignesh and Rountree, Barry and Schulz, Markus and De Supinski, Bronis R},
  booktitle={Parallel Processing (ICPP), 2014 43rd International Conference on},
  pages={371--380},
  year={2014},
  organization={IEEE}
}
@inproceedings{fan2007power,
  title={Power provisioning for a warehouse-sized computer},
  author={Fan, Xiaobo and Weber, Wolf-Dietrich and Barroso, Luiz Andre},
  booktitle={ACM SIGARCH Computer Architecture News},
  volume={35},
  number={2},
  pages={13--23},
  year={2007},
  organization={ACM}
}
@inproceedings{kansal2010virtual,
  title={Virtual machine power metering and provisioning},
  author={Kansal, Aman and Zhao, Feng and Liu, Jie and Kothari, Nupur and Bhattacharya, Arka A},
  booktitle={Proceedings of the 1st ACM symposium on Cloud computing},
  pages={39--50},
  year={2010},
  organization={ACM}
}


@article{Topcuoglu2002heft,
author = {Topcuoglu, Haluk and Hariri, Salim},
doi = {10.1109/71.993206},
journal = {IEEE Transactions on Parallel and Distributed Systems},
month = mar,
number = {3},
pages = {260--274},
title = {{Performance-effective and low-complexity task scheduling for heterogeneous computing}},
volume = {13},
year = {2002}
}

@inproceedings{Bharathi2008,
author = {Bharathi, Shishir and Chervenak, Ann and Deelman, Ewa and Mehta, Gaurang and Su, Mei-Hui and Vahi, Karan},
booktitle = {2008 Third Workshop on Workflows in Support of Large-Scale Science},
month = nov,
pages = {1--10},
publisher = {IEEE},
title = {{Characterization of scientific workflows}},
year = {2008}
}


@Comment Their website says to cite this if you use the workflow generator
@inproceedings{Silva2014WorkflowGenerator,
author = {da Silva, Rafael Ferreira and Chen, Weiwei and Juve, Gideon and Vahi, Karan and Deelman, Ewa},
booktitle = {2014 IEEE 10th International Conference on e-Science},
doi = {10.1109/eScience.2014.44},
month = oct,
pages = {177--184},
publisher = {IEEE},
title = {{Community Resources for Enabling Research in Distributed Scientific Workflows}},
year = {2014}
}


@article{Livny2008,
author = {Livny, Jonathan and Teonadi, Hidayat and Livny, Miron and Waldor, Matthew K.},
doi = {10.1371/journal.pone.0003197},
journal = {PLoS ONE},
month = sep,
number = {9},
pages = {e3197},
pmid = {18787707},
title = {{High-Throughput, Kingdom-Wide Prediction and Annotation of Bacterial Non-Coding RNAs}},
volume = {3},
year = {2008}
}

@misc{epigenetics,
author = {{USC Epigenome Center}},
 howpublished = "\url{ Available: http://epigenome.usc.edu}"
}
